<?xml version="1.0" encoding="UTF-8"?><record xmlns="http://www.loc.gov/MARC21/slim" xmlns:cinclude="http://apache.org/cocoon/include/1.0" xmlns:zs="http://www.loc.gov/zing/srw/">
  <leader>00556nz  a2200157n  4500</leader>
  <controlfield tag="001">no2002077397</controlfield>
  <controlfield tag="003">DLC</controlfield>
  <controlfield tag="005">20020827061125.0</controlfield>
  <controlfield tag="008">020826n| acannaabn          |a aaa     c</controlfield>
  <datafield tag="010" ind1=" " ind2=" ">
    <subfield code="a">no2002077397</subfield>
  </datafield>
  <datafield tag="035" ind1=" " ind2=" ">
    <subfield code="a">(OCoLC)oca05847391</subfield>
  </datafield>
  <datafield tag="040" ind1=" " ind2=" ">
    <subfield code="a">SaPrUSA</subfield>
    <subfield code="b">eng</subfield>
    <subfield code="c">SaPrUSA</subfield>
  </datafield>
  <datafield tag="100" ind1="1" ind2=" ">
    <subfield code="a">Barnard, W. H.</subfield>
    <subfield code="q">(Willem Hendrik)</subfield>
  </datafield>
  <datafield tag="400" ind1="1" ind2=" ">
    <subfield code="a">Barnard, Willem Hendrik</subfield>
  </datafield>
  <datafield tag="670" ind1=" " ind2=" ">
    <subfield code="a">The child with epilepsy in your class, 1970:</subfield>
    <subfield code="b">t.p. (W.H. Barnard)</subfield>
  </datafield>
  <datafield tag="670" ind1=" " ind2=" ">
    <subfield code="a">Sabinet database, Aug. 26, 2002</subfield>
    <subfield code="b">(hdg.: Barnard, W. H. (Willem Hendrik); usage: W.H. Barnard, Willem Hendrik Barnard)</subfield>
  </datafield>
</record>